<collection>
<record>
<leader>03793cpcaa22006137a 4500</leader>
<controlfield tag="001">16858348</controlfield>
<controlfield tag="005">20210609122932.0</controlfield>
<controlfield tag="008">110706i19962010xx eng </controlfield>
<datafield ind1=" " ind2=" " tag="906">
<subfield code="a">7</subfield>
<subfield code="b">cbc</subfield>
<subfield code="c">orignew</subfield>
<subfield code="d">u</subfield>
<subfield code="e">ncip</subfield>
<subfield code="f">20</subfield>
<subfield code="g">y-folklife</subfield>
</datafield>
<datafield ind1=" " ind2=" " tag="955">
<subfield code="a">mkru 2011-07-06;</subfield>
<subfield code="a">cker 2012-01-24;</subfield>
<subfield code="a">vmor 2019-07-25;</subfield>
<subfield code="a">vmor 2019-08-12</subfield>
<subfield code="a">masmit 2020-01-31</subfield>
<subfield code="a">mseg 2021-06-09</subfield>
</datafield>
<datafield ind1=" " ind2=" " tag="010">
<subfield code="a"> 2011655371</subfield>
</datafield>
<datafield ind1=" " ind2=" " tag="040">
<subfield code="a">DLC</subfield>
<subfield code="e">dacs</subfield>
<subfield code="c">DLC</subfield>
<subfield code="d">DLC</subfield>
</datafield>
<datafield ind1=" " ind2=" " tag="041">
<subfield code="a">eng</subfield>
<subfield code="a">nep</subfield>
<subfield code="d">nep</subfield>
<subfield code="d">eng</subfield>
</datafield>
<datafield ind1=" " ind2=" " tag="043">
<subfield code="a">a-np---</subfield>
<subfield code="a">n-us-ny</subfield>
</datafield>
<datafield ind1=" " ind2=" " tag="090">
<subfield code="a">VAS 7658-7662</subfield>
</datafield>
<datafield ind1=" " ind2=" " tag="090">
<subfield code="a">AFC 2011/002</subfield>
</datafield>
<datafield ind1="0" ind2="0" tag="245">
<subfield code="a">Dance Theater of Nepal collection,</subfield>
<subfield code="f">1996-2010.</subfield>
</datafield>
<datafield ind1=" " ind2=" " tag="300">
<subfield code="a">1601 items ;</subfield>
<subfield code="a">(6</subfield>
<subfield code="f">containers,</subfield>
<subfield code="a">3</subfield>
<subfield code="f">linear feet)</subfield>
</datafield>
<datafield ind1=" " ind2=" " tag="300">
<subfield code="a">1050 manuscript materials ;</subfield>
<subfield code="a">(3</subfield>
<subfield code="f">containers)</subfield>
</datafield>
<datafield ind1=" " ind2=" " tag="300">
<subfield code="3">sound recordings</subfield>
<subfield code="a">7 sound discs (CD) :</subfield>
<subfield code="b">digital ;</subfield>
<subfield code="c">4 3/4 in.</subfield>
</datafield>
<datafield ind1=" " ind2=" " tag="300">
<subfield code="3">moving images</subfield>
<subfield code="a">5 videocassettes (VHS) :</subfield>
<subfield code="b">color, sound ;</subfield>
<subfield code="c">3/4 in.</subfield>
</datafield>
<datafield ind1=" " ind2=" " tag="300">
<subfield code="3">moving images</subfield>
<subfield code="a">32 videodiscs (DVD) :</subfield>
<subfield code="b">digital ;</subfield>
<subfield code="c">4 3/4 in.</subfield>
</datafield>
<datafield ind1=" " ind2=" " tag="300">
<subfield code="3">graphic materials</subfield>
<subfield code="a">220 photographs :</subfield>
<subfield code="b">black and white, color;</subfield>
<subfield code="c">various sizes</subfield>
</datafield>
<datafield ind1=" " ind2=" " tag="300">
<subfield code="3">graphic materials</subfield>
<subfield code="a">18 slides :</subfield>
<subfield code="b">color ;</subfield>
<subfield code="c">35 mm.</subfield>
</datafield>
<datafield ind1=" " ind2=" " tag="300">
<subfield code="3">graphic materials</subfield>
<subfield code="a">
1 optical disc (63 color photographs on CD, jpegs files) :
</subfield>
<subfield code="b">digital ;</subfield>
<subfield code="c">1 3/4 in.</subfield>
</datafield>
<datafield ind1=" " ind2=" " tag="300">
<subfield code="3">graphic materials</subfield>
<subfield code="a">10 posters :</subfield>
<subfield code="b">black and white, color;</subfield>
<subfield code="c">various sizes</subfield>
</datafield>
<datafield ind1=" " ind2=" " tag="300">
<subfield code="3">electronic media</subfield>
<subfield code="a">175 computer files (.jpegs) on 1 thumb drive ;</subfield>
<subfield code="c">3 1/2 in.</subfield>
</datafield>
<datafield ind1=" " ind2=" " tag="351">
<subfield code="a">
Organized into the following series: 1. Manuscripts; 2. Sound Recordings; 3. Graphic Materials; 4. Moving Images.
</subfield>
</datafield>
<datafield ind1=" " ind2=" " tag="520">
<subfield code="a">
This multi-format collection is comprised of audiovisual recordings, newspaper clippings, photographic prints, color slides, and biographies documenting the history and cultural activities of the Dance Theater of Nepal. Sherry Onna Handlin, the creator of the collection, amassed these materials from her own personal experiences in Nepal and her administrative roles with the Theater between the years of 1994 and 2010.
</subfield>
</datafield>
<datafield ind1=" " ind2=" " tag="545">
<subfield code="a">
Founded as the Raj Kapoor Ensemble in 1996 in New York City by Raj Kapoor and Sherry Onna Handlin, the Dance Theater of Nepal is dedicated to the instruction, presentation, and preservation of Nepali performing arts in the United States and abroad.
</subfield>
</datafield>
<datafield ind1="8" ind2=" " tag="524">
<subfield code="a">
Dance Theater of Nepal Collection (AFC 2011/002), Archive of Folk Culture, American Folklife Center, Library of Congress, Washington, D.C.
</subfield>
</datafield>
<datafield ind1="1" ind2=" " tag="506">
<subfield code="a">
Collection is open for research; access to some collection materials may be restricted. Before requesting materials, please contact the Folklife Reading Room at folklife@loc.gov; 202 707 5510.
</subfield>
</datafield>
<datafield ind1=" " ind2=" " tag="540">
<subfield code="a">
Duplication of the collection materials may be governed by copyright and other restrictions.
</subfield>
</datafield>
<datafield ind1=" " ind2=" " tag="541">
<subfield code="a">Sherry Onna Handlin</subfield>
<subfield code="c">Donation;</subfield>
<subfield code="d">2011.</subfield>
</datafield>
<datafield ind1=" " ind2=" " tag="546">
<subfield code="3">Sound and video recordings mostly</subfield>
<subfield code="a">in Nepali.</subfield>
</datafield>
<datafield ind1=" " ind2=" " tag="546">
<subfield code="3">Manuscripts and print materials</subfield>
<subfield code="a">in English and Nepali.</subfield>
</datafield>
<datafield ind1="0" ind2=" " tag="555">
<subfield code="a">Finding aid is available online</subfield>
<subfield code="u">http://hdl.loc.gov/loc.afc/eadafc.af018013</subfield>
</datafield>
<datafield ind1=" " ind2="0" tag="650">
<subfield code="a">Dance</subfield>
<subfield code="z">Nepal.</subfield>
</datafield>
<datafield ind1=" " ind2="0" tag="650">
<subfield code="a">Folk dancing, Nepali</subfield>
<subfield code="z">United States.</subfield>
</datafield>
<datafield ind1=" " ind2="0" tag="650">
<subfield code="a">Nepali Americans</subfield>
<subfield code="z">New York (State)</subfield>
<subfield code="z">New York</subfield>
<subfield code="x">Social life and customs.</subfield>
</datafield>
<datafield ind1=" " ind2="0" tag="651">
<subfield code="a">Nepal</subfield>
<subfield code="x">Social life and customs.</subfield>
</datafield>
<datafield ind1=" " ind2="7" tag="655">
<subfield code="a">Manuscripts.</subfield>
<subfield code="2">aat</subfield>
</datafield>
<datafield ind1=" " ind2="7" tag="655">
<subfield code="a">Sound recordings.</subfield>
<subfield code="2">aat</subfield>
</datafield>
<datafield ind1=" " ind2="7" tag="655">
<subfield code="a">Video recordings.</subfield>
<subfield code="2">aat</subfield>
</datafield>
<datafield ind1=" " ind2="7" tag="655">
<subfield code="a">Photographs.</subfield>
<subfield code="2">aat</subfield>
</datafield>
<datafield ind1=" " ind2="7" tag="655">
<subfield code="a">Color slides.</subfield>
<subfield code="2">aat</subfield>
</datafield>
<datafield ind1=" " ind2="7" tag="655">
<subfield code="a">Posters.</subfield>
<subfield code="2">aat</subfield>
</datafield>
<datafield ind1="1" ind2=" " tag="700">
<subfield code="a">Handlin, Sherry Onna,</subfield>
<subfield code="e">collector.</subfield>
</datafield>
<datafield ind1="1" ind2=" " tag="700">
<subfield code="a">Kapoor, Raj,</subfield>
<subfield code="d">1968-</subfield>
<subfield code="e">collector.</subfield>
</datafield>
<datafield ind1="2" ind2=" " tag="710">
<subfield code="a">Dance Theater of Nepal,</subfield>
<subfield code="e">collector.</subfield>
</datafield>
<datafield ind1=" " ind2=" " tag="852">
<subfield code="a">DLC-AFC</subfield>
<subfield code="b">Archive of Folk Culture, American Folklife Center,</subfield>
<subfield code="e">
101 Independence Ave. S.E., Washington, DC USA 20540-4610
</subfield>
</datafield>
<datafield ind1="4" ind2="2" tag="856">
<subfield code="3">Finding aid</subfield>
<subfield code="u">http://hdl.loc.gov/loc.afc/eadafc.af018013</subfield>
</datafield>
<datafield ind1=" " ind2=" " tag="985">
<subfield code="a">afc/ead</subfield>
</datafield>
<datafield ind1=" " ind2=" " tag="985">
<subfield code="a">afc/coll</subfield>
</datafield>
</record>
</collection>